[gd_scene load_steps=2 format=2]

[sub_resource type="GDScript" id=1]
script/source = "extends Control

onready var entryContainer = $HSplitContainer/VBoxContainer2/Entries
onready var newHabitat = $HSplitContainer/VBoxContainer/HBoxContainer/NewHabitat
onready var habitatName = $HSplitContainer/VBoxContainer2/HBoxContainer/HabitatName
onready var habitatList = $HSplitContainer/VBoxContainer/HabitatList

onready var habitatEntry = preload(\"res://gui/HabitatEntry.tscn\")

var species

var currentHabitat = \"\"
var habitats = {}

func _ready():
	Promotool.connect(\"species_received\", self, \"_on_species_received\")
	Promotool.connect(\"habitat_received\", self, \"_on_habitat_received\")

func _on_Add_pressed():
	var new = newHabitat.text
	_select(new)
	newHabitat.clear()
	habitats[new] = []
	
	habitatList.add_item(new)
	Promotool.AddHabitat(new)

func _select(habitat):
	currentHabitat = habitat
	habitatName.text = habitat
	
	for ch in entryContainer.get_children():
		ch.queue_free()
	
	_create_entries(habitats.get(habitat, []))


func _create_entries(entries):
	for entry in entries:
		var e = _add_entry()
		e.fill(entry)


func _on_AddEntry_pressed():
	_add_entry()
	habitats[currentHabitat].push_back({})

func _add_entry():
	var e = habitatEntry.instance()
	entryContainer.add_child(e)
	e.update_species(species)
	e.connect(\"remove_entry\", self, \"_on_removeEntry\")
	e.connect(\"update_entry\", self, \"_on_updateEntry\")
	
	return e

func _on_removeEntry(index):
	habitats[currentHabitat].remove(index)
	Promotool.HabitatRemoveEntry(currentHabitat, index)
	
func _on_updateEntry(index, data):
	var arr = habitats[currentHabitat]
	if len(arr) == index:
		arr.push_back(data)
	else:
		arr[index] = data
	
	Promotool.HabitatEditEntry(currentHabitat, index, data.species, data.minLevel, data.maxLevel, data.chance)


func _on_Remove_pressed():
	habitats.erase(currentHabitat)
	
	for i in range(habitatList.get_item_count()):
		if currentHabitat == habitatList.get_item_text(i):
			habitatList.remove_item(i)
	
	Promotool.RemoveHabitat(currentHabitat)
	
	_select(\"\")


func _on_HabitatList_item_activated(index):
	_select(habitatList.get_item_text(index))

func _on_species_received(spec):
	self.species = spec
	for ch in entryContainer.get_children():
		ch.update_species(spec)

func _on_habitat_received(habitat):
	if habitat:
		self.habitats = habitat
		for key in habitat.keys():
			habitatList.add_item(key)
		_select(currentHabitat)
	


func _on_HabitatName_focus_exited():
	var name = habitatName.text
	Promotool.RenameHabitat(name, currentHabitat)
	
	habitats[name] = habitats[currentHabitat]
	habitats.erase(currentHabitat)
	
	habitatList.add_item(name)
	for i in range(habitatList.get_item_count()):
		if habitatList.get_item_text(i) == currentHabitat:
			habitatList.remove_item(i)
	
	_select(name)
"

[node name="Habitat" type="Control"]
anchor_right = 1.0
anchor_bottom = 1.0
script = SubResource( 1 )
__meta__ = {
"_edit_use_anchors_": false
}

[node name="HSplitContainer" type="HSplitContainer" parent="."]
anchor_right = 1.0
anchor_bottom = 1.0
__meta__ = {
"_edit_use_anchors_": false
}

[node name="VBoxContainer" type="VBoxContainer" parent="HSplitContainer"]
margin_right = 99.0
margin_bottom = 600.0
size_flags_vertical = 3

[node name="HabitatList" type="ItemList" parent="HSplitContainer/VBoxContainer"]
margin_right = 99.0
margin_bottom = 572.0
size_flags_vertical = 3

[node name="HBoxContainer" type="HBoxContainer" parent="HSplitContainer/VBoxContainer"]
margin_top = 576.0
margin_right = 99.0
margin_bottom = 600.0

[node name="NewHabitat" type="LineEdit" parent="HSplitContainer/VBoxContainer/HBoxContainer"]
margin_right = 58.0
margin_bottom = 24.0
size_flags_horizontal = 3

[node name="Add" type="Button" parent="HSplitContainer/VBoxContainer/HBoxContainer"]
margin_left = 62.0
margin_right = 99.0
margin_bottom = 24.0
text = "Add"

[node name="VBoxContainer2" type="VBoxContainer" parent="HSplitContainer"]
margin_left = 111.0
margin_right = 1024.0
margin_bottom = 600.0

[node name="Remove" type="Button" parent="HSplitContainer/VBoxContainer2"]
margin_right = 64.0
margin_bottom = 20.0
size_flags_horizontal = 0
text = "Remove"

[node name="HBoxContainer" type="GridContainer" parent="HSplitContainer/VBoxContainer2"]
margin_top = 24.0
margin_right = 913.0
margin_bottom = 72.0
columns = 2

[node name="Label" type="Label" parent="HSplitContainer/VBoxContainer2/HBoxContainer"]
margin_top = 5.0
margin_right = 74.0
margin_bottom = 19.0
text = "Name"

[node name="HabitatName" type="LineEdit" parent="HSplitContainer/VBoxContainer2/HBoxContainer"]
margin_left = 78.0
margin_right = 136.0
margin_bottom = 24.0

[node name="AddEntry" type="Button" parent="HSplitContainer/VBoxContainer2/HBoxContainer"]
margin_top = 28.0
margin_right = 74.0
margin_bottom = 48.0
size_flags_horizontal = 0
text = "Add entry"

[node name="Entries" type="GridContainer" parent="HSplitContainer/VBoxContainer2"]
margin_top = 76.0
margin_right = 913.0
margin_bottom = 76.0
columns = 3
[connection signal="item_activated" from="HSplitContainer/VBoxContainer/HabitatList" to="." method="_on_HabitatList_item_activated"]
[connection signal="pressed" from="HSplitContainer/VBoxContainer/HBoxContainer/Add" to="." method="_on_Add_pressed"]
[connection signal="pressed" from="HSplitContainer/VBoxContainer2/Remove" to="." method="_on_Remove_pressed"]
[connection signal="focus_exited" from="HSplitContainer/VBoxContainer2/HBoxContainer/HabitatName" to="." method="_on_HabitatName_focus_exited"]
[connection signal="pressed" from="HSplitContainer/VBoxContainer2/HBoxContainer/AddEntry" to="." method="_on_AddEntry_pressed"]
