[gd_scene load_steps=2 format=2]

[sub_resource type="GDScript" id=1]
script/source = "extends Control

signal status_list_update

onready var attrModifier = preload(\"res://gui/modifier/AttributeModifier.tscn\")

onready var statusList = $HSplitContainer/VBoxContainer/StatusList
onready var newStatus = $HSplitContainer/VBoxContainer/HBoxContainer/NewStatus

onready var nameField = $HSplitContainer/HBoxContainer/GridContainer/Name
onready var skipTurnField = $HSplitContainer/HBoxContainer/GridContainer/SkipTurn
onready var turnsField = $HSplitContainer/HBoxContainer/GridContainer/Turns
onready var attackedField = $HSplitContainer/HBoxContainer/GridContainer/Attacked
onready var modList = $HSplitContainer/HBoxContainer/ScrollContainer/ModList

var status = {}
var current_status: String

func _ready():
	Promotool.connect(\"status_received\", self, \"fill\")

func fill(status):
	self.status = status
	statusList.clear()
	for name in status:
		statusList.add_item(name)

func _on_AddModifier_pressed():
	_add_modifier()
	
func _add_modifier():
	var mod = attrModifier.instance()
	modList.add_child(mod)
	mod.connect(\"remove_modifier\", self, \"_on_Modifier_remove\")
	mod.connect(\"update_modifier\", self, \"_on_Modifier_update\")
	return mod

func _on_Add_pressed():
	
	var name = newStatus.text
	newStatus.clear()
	Promotool.AddStatus(name)
	Promotool.GetStatus()
	emit_signal(\"status_list_update\", get_status())

func _on_Name_change():
	var name = nameField.text
	Promotool.RenameStatus(current_status, name)
	
	for i in range(statusList.get_item_count()):
		if statusList.get_item_text(i) == current_status:
			statusList.remove_item(i)
	
	statusList.add_item(name)
	status[name] = status[current_status]
	status.erase(current_status)
	
	_show_status(name)
	
	emit_signal(\"status_list_update\", get_status())

func _on_Remove_pressed():
	Promotool.RemoveStatus(current_status)
	
	for i in range(statusList.get_item_count()):
		if statusList.get_item_text(i) == current_status:
			statusList.remove_item(i)
	status.erase(current_status)
	_show_status(statusList.get_item_text(0))
	emit_signal(\"status_list_update\", get_status())

func _on_Modifier_update(index):
	var mod = modList.get_child(index).get_data()
	Promotool.StatusEditAttributeModifier(current_status, index, mod.amount, mod.attribute, mod.fixed, mod.permanent, mod.relativeToCurrent, mod.repeat)
	
func _on_Modifier_remove(index):
	Promotool.StatusRemoveAttributeModifier(current_status, index)
	

func _show_status(name):
	current_status = name
	var s = status[current_status]
	nameField.text = s.name
	skipTurnField.pressed = s.turnModifier.get(\"skipTurn\", false)
	turnsField.value = s.recoverConditions.get(\"turns\", 0)
	attackedField.pressed = s.recoverConditions.get(\"attacked\", false)
	
	for ch in modList.get_children():
		ch.queue_free()
	
	for mod in s.get(\"attributeModifier\", []):
		var m = _add_modifier()
		m.fill(mod)


func _on_StatusList_item_activated(index):
	var selected = statusList.get_item_text(index)
	_show_status(selected)


func _on_SkipTurn_toggled(button_pressed):
	Promotool.StatusSetAttribute(current_status, \"skipTurn\", button_pressed)


func _on_Turns_value_changed(value):
	Promotool.StatusSetAttribute(current_status, \"turns\", value)


func _on_Attacked_toggled(button_pressed):
	Promotool.StatusSetAttribute(current_status, \"attacked\", button_pressed)

func get_status():
	return status.keys()
"

[node name="Status" type="Control"]
anchor_right = 1.0
anchor_bottom = 1.0
script = SubResource( 1 )
__meta__ = {
"_edit_use_anchors_": false
}

[node name="HSplitContainer" type="HSplitContainer" parent="."]
anchor_right = 1.0
anchor_bottom = 1.0
__meta__ = {
"_edit_use_anchors_": false
}

[node name="VBoxContainer" type="VBoxContainer" parent="HSplitContainer"]
margin_right = 99.0
margin_bottom = 600.0

[node name="StatusList" type="ItemList" parent="HSplitContainer/VBoxContainer"]
margin_right = 99.0
margin_bottom = 572.0
size_flags_vertical = 3

[node name="HBoxContainer" type="HBoxContainer" parent="HSplitContainer/VBoxContainer"]
margin_top = 576.0
margin_right = 99.0
margin_bottom = 600.0

[node name="NewStatus" type="LineEdit" parent="HSplitContainer/VBoxContainer/HBoxContainer"]
margin_right = 58.0
margin_bottom = 24.0
size_flags_horizontal = 3

[node name="Add" type="Button" parent="HSplitContainer/VBoxContainer/HBoxContainer"]
margin_left = 62.0
margin_right = 99.0
margin_bottom = 24.0
text = "Add"

[node name="HBoxContainer" type="VBoxContainer" parent="HSplitContainer"]
margin_left = 111.0
margin_right = 1024.0
margin_bottom = 600.0

[node name="GridContainer" type="GridContainer" parent="HSplitContainer/HBoxContainer"]
margin_right = 913.0
margin_bottom = 191.0
columns = 2

[node name="Remove" type="Button" parent="HSplitContainer/HBoxContainer/GridContainer"]
margin_right = 64.0
margin_bottom = 20.0
text = "Remove"

[node name="Control" type="Control" parent="HSplitContainer/HBoxContainer/GridContainer"]
margin_left = 68.0
margin_right = 162.0
margin_bottom = 20.0

[node name="Label" type="Label" parent="HSplitContainer/HBoxContainer/GridContainer"]
margin_top = 29.0
margin_right = 64.0
margin_bottom = 43.0
text = "Name"

[node name="Name" type="LineEdit" parent="HSplitContainer/HBoxContainer/GridContainer"]
margin_left = 68.0
margin_top = 24.0
margin_right = 162.0
margin_bottom = 48.0

[node name="Label5" type="Label" parent="HSplitContainer/HBoxContainer/GridContainer"]
margin_top = 57.0
margin_right = 64.0
margin_bottom = 71.0
text = "Skip Turn?"

[node name="SkipTurn" type="CheckBox" parent="HSplitContainer/HBoxContainer/GridContainer"]
margin_left = 68.0
margin_top = 52.0
margin_right = 162.0
margin_bottom = 76.0

[node name="Label2" type="Label" parent="HSplitContainer/HBoxContainer/GridContainer"]
margin_top = 80.0
margin_right = 64.0
margin_bottom = 111.0
text = "
Recovery"

[node name="Control2" type="Control" parent="HSplitContainer/HBoxContainer/GridContainer"]
margin_left = 68.0
margin_top = 80.0
margin_right = 162.0
margin_bottom = 111.0
__meta__ = {
"_edit_use_anchors_": false
}

[node name="Label3" type="Label" parent="HSplitContainer/HBoxContainer/GridContainer"]
margin_top = 120.0
margin_right = 64.0
margin_bottom = 134.0
text = "Turns"

[node name="Turns" type="SpinBox" parent="HSplitContainer/HBoxContainer/GridContainer"]
margin_left = 68.0
margin_top = 115.0
margin_right = 162.0
margin_bottom = 139.0
rounded = true

[node name="Label4" type="Label" parent="HSplitContainer/HBoxContainer/GridContainer"]
margin_top = 148.0
margin_right = 64.0
margin_bottom = 162.0
text = "On Attack"

[node name="Attacked" type="CheckBox" parent="HSplitContainer/HBoxContainer/GridContainer"]
margin_left = 68.0
margin_top = 143.0
margin_right = 162.0
margin_bottom = 167.0

[node name="Label6" type="Label" parent="HSplitContainer/HBoxContainer/GridContainer"]
margin_top = 174.0
margin_right = 64.0
margin_bottom = 188.0

[node name="AddModifier" type="Button" parent="HSplitContainer/HBoxContainer/GridContainer"]
margin_left = 68.0
margin_top = 171.0
margin_right = 162.0
margin_bottom = 191.0
text = "Add Modifier"

[node name="ScrollContainer" type="ScrollContainer" parent="HSplitContainer/HBoxContainer"]
margin_top = 195.0
margin_right = 913.0
margin_bottom = 600.0
size_flags_vertical = 3

[node name="ModList" type="GridContainer" parent="HSplitContainer/HBoxContainer/ScrollContainer"]
columns = 3
[connection signal="item_activated" from="HSplitContainer/VBoxContainer/StatusList" to="." method="_on_StatusList_item_activated"]
[connection signal="pressed" from="HSplitContainer/VBoxContainer/HBoxContainer/Add" to="." method="_on_Add_pressed"]
[connection signal="pressed" from="HSplitContainer/HBoxContainer/GridContainer/Remove" to="." method="_on_Remove_pressed"]
[connection signal="focus_exited" from="HSplitContainer/HBoxContainer/GridContainer/Name" to="." method="_on_Name_change"]
[connection signal="toggled" from="HSplitContainer/HBoxContainer/GridContainer/SkipTurn" to="." method="_on_SkipTurn_toggled"]
[connection signal="value_changed" from="HSplitContainer/HBoxContainer/GridContainer/Turns" to="." method="_on_Turns_value_changed"]
[connection signal="toggled" from="HSplitContainer/HBoxContainer/GridContainer/Attacked" to="." method="_on_Attacked_toggled"]
[connection signal="pressed" from="HSplitContainer/HBoxContainer/GridContainer/AddModifier" to="." method="_on_AddModifier_pressed"]
